
@inproceedings{rankmethod,
  title={Data Mining},
  author={ Rajaraman, A. and Ullman, J. D.},
  booktitle={Mining of Massive Datasets},
  pages={1--18},
  year={2011},
  organization={Cambridge University Press}
}

@misc{whoosh,
  author = {Matt Chaput},
  title = {{Whoosh 2.7.4 documentation}},
  howpublished = "\url{https://whoosh.readthedocs.io/en/latest/}",
  year = {2012}, 
  note = "[Online; accessed 10-March-2017]"
}

@misc{Whooshquery,
  author = {Matt Chaput},
  title = {{Parsing user queries}},
  howpublished = "\url{http://whoosh.readthedocs.io/en/latest/parsing.html}",
  year = {2012}, 
  note = "[Online; accessed 10-March-2017]"
}

@misc{stem,
  author = {Matt Chaput},
  title = {{analysis module}},
  howpublished = "\url{http://whoosh.readthedocs.io/en/latest/api/analysis.html}",
  year = {2012}, 
  note = "[Online; accessed 10-March-2017]"
}

@misc{PyDictionary,
  author = {Pradipta Bora},
  title = {{PyDictionary}},
  howpublished = "\url{https://pypi.python.org/pypi/PyDictionary/1.5.2}",
  year = {2015}, 
  note = "[Online; accessed 10-March-2017]"
}

@misc{sql,
  title = {{Documentation}},
  howpublished = "\url{https://www.sqlite.org/docs.html}", 
  note = "[Online; accessed 10-March-2017]"
}

@misc{indexer,
  author = {Python Software Foundation},
  title = {{indexer 0.6.2}},
  howpublished = "\url{https://pypi.python.org/pypi/indexer}",
  year = {2009}, 
  note = "[Online; accessed 10-March-2017]"
}

@misc{filestorage,
  author = {Matt Chaput},
  title = {{filedb.filestore module}},
  howpublished = "\url{http://whoosh.readthedocs.io/en/latest/api/filedb/filestore.html}",
  year = {2012}, 
  note = "[Online; accessed 10-March-2017]"
}

@misc{mtranslate,
  author = {Arnaud Alies},
  title = {{mtransalte 1.3}},
  howpublished = "\url{https://github.com/mouuff/mtranslate}",
  year = {2016}, 
  note = "[Online; accessed 05-April-2017]"
}

@misc{webdriver,
  author = { Baiju Muthukadan},
  title = {{7. WebDriver API}},
  howpublished = "\url{http://selenium-python.readthedocs.io/api.html}",
  year = {2014}, 
  note = "[Online; accessed 10-March-2017]"
}

